@misc{savelev-optics,
      title="Савельев И. В. Курс общей физики : учебное пособие для вузов : Лань, 2022.",
	  howpublished="252 с."
}

Основы компьютерной графики: 3D-моделирование и 3D-печать. Владимир Лисяк Издатель	Litres, 2022

Порев В. Н. Компьютерная графика СПб БХВ-Петербург 2002

Евстратов, В. В. Создание программы визуализации псевдотрехмерного
изображения с помощью рейкастинга / В. В. Евстратов. — Текст : непосред-
ственный // Молодой ученый. — 2020. — No 50 (340). — С. 12-15. — URL:
https://moluch.ru/archive/340/76504/, свободный

Белов Л. Б., Довгаль В. М., Гордиенко В. В. Растеризация точечных графиче- ских объектов на основе продукционной алгоритмической схемы.

Разработать программное обеспечение с пользовательским интерфейсом для моделирования зеркала. Зеркало представляет собой одно из видов: вогнутое, выпуклое, плоское. Зеркальная поверхность обладает определенными свойствами (степень полировки, цвет, затемненность ) и имитируя таким образом некоторый материал из реальной жизни. Перед зеркалом должен располагаться объект из стандартного набора (пирамида, призма, шар). Сцена содержит один источник, местоположение которого может меняться. Пользователь должен иметь возможность задавать и изменять положение объекта, размеры зеркала и свойства зеркальной поверхности.