@Book{Лисяк2021,
  author    = {Лисяк В.В.},
  publisher = {Litres},
  title     = {Основы компьютерной графики: 3D-моделирование и 3D-печать},
  year      = {2021},
  isbn      = {978-5-9275-3825-6},
  pages     = {111},
}

@Book{Задорожный2020,
  author    = {Задорожный А.Г.},
  publisher = {Издательство НГТУ},
  title     = {Модели освещения и алгоритмы затенения в компьютерной графике},
  year      = {2020},
  address   = {Новосибирск},
  isbn      = {978-5-7782-4308-8},
}

@Electronic{globalillum,
  title = {Глобальная модель освещения с трассировкой лучей},
  url   = {http://www.mari-el.ru/mmlab/home/kg/Lection12/3.html},
}

@Article{Головнин2016,
  author  = {Головнин А.А.},
  journal = {Проблемы качества графической подготовки студентов в техническом ВУЗе: традиции и инновации},
  title   = {Базовые алгоритмы компьютерной графики},
  year    = {2016},
  number  = {1},
  pages   = {13-30},
}

@Book{Порев2002,
  author    = {Порев В.Н.},
  publisher = {БХВ-Петербург},
  title     = {Компьютерная графика},
  year      = {2002},
  address   = {СПб.},
  isbn      = {5-94157-139-9},
  pages     = {432},
}

@Article{Янова2016,
  author  = {Янова Р.Ю.},
  journal = {Вестник науки и образования},
  title   = {Метод прямой и обратной трассировки},
  year    = {2016},
  number  = {5(17)},
  pages   = {29-30},
}

@Article{Евстратов2020,
  author  = {Евстратов В.В.},
  journal = {Молодой ученый},
  title   = {Создание программы визуализации псевдотрехмерного изображения с помощью рейкастинга},
  year    = {2020},
  url     = {https://moluch.ru/archive/340/76504/},
}

@Comment{jabref-meta: databaseType:bibtex;}
