@book{konova,
	author = {Е. А. Конова},
	title = { Алгоритмы и программы. Язык С++ / Е. А. Конова, Г. А. Поллак.},
	address = {Санкт-Петербург},
	publisher = {Лань},
	year = {2023},
	numpages = {384},
	isbn = {978-5-507-46070-0}
}

@misc{os:2023,
	title = {Конспект лекций по дисциплине <<Операционные системы>>, Рязанова Н. Ю.},
	year = {2023г}
}

@misc{aa:2023,
	title = {Конспект лекций по дисциплине <<Анализ алгоритмов>>, Волкова Л. Л.},
	year = {2023г}
}